@misc(symbian-linux, key="symbian-linux",
    title="{Symbian OS GNU/Linux Connectivity How To}",
    howpublished="\url{http://www.symbianos.org/~malm/SymbianLinuxHowTo.html}")

	
	http://www.todosymbian.com/article-6703.html --> Version 8.0