@misc(css-validator, key="css-validator",
    title="{Servicio de Validación de CSS de W3C}",
    howpublished="\url{http://jigsaw.w3.org/css-validator/}")

@misc(html-validator, key="html-validator",
    title="{Servicio de Validación de HTML de W3C}",
    howpublished="\url{http://validator.w3.org/}")
    
@misc(jquery, key="jquery",
    title="{Página principal de JQuery}",
    howpublished="\url{http://jquery.com/}")

@misc(struts2, key="struts2",
    title="{Página principal de Struts 2}",
    howpublished="\url{http://struts.apache.org/2.x/}")

@misc(hibernate, key="hibernate",
    title="{Página principal de Hibernate}",
    howpublished="\url{http://www.hibernate.org/}")
