@misc(symbian-linux, key="symbian-linux",
    title="{Symbian OS GNU/Linux Connectivity How To}",
    howpublished="\url{http://www.symbianos.org/~malm/SymbianLinuxHowTo.html}")

@misc(forum-nokia, key="forum-nokia",
    title="{Forum Nokia - Driving innovation for mobile application developers}",
    howpublished="\url{http://www.forum.nokia.com/}")
    
@misc(symbian-hw-requirements, key="symbian-hw-requirements",
    title="{Symbian Hardware Requirements}",
    howpublished="\url{http://developer.symbian.org/wiki/index.php/Scratchpad_Symbian_minimum_hardware_requirements}")

@misc(wikipedia-softkey, key="wikipedia-softkey",
    title="{Wikipedia: Soft key}",
    howpublished="\url{http://en.wikipedia.org/wiki/Soft_key}")

@misc(symbian-homepage, key="symbian-homepage",
    title="{Página oficial de Symbian}",
    howpublished="\url{http://www.symbian.org/}") 

	% http://www.todosymbian.com/article-6703.html --> Version 8.0
	
	% http://newarticlesfree.com/articles/hi-tech/mobile/all-about-symbian-os.html --> Versiones de Symbian
	
	% http://en.wikipedia.org/wiki/Symbian_OS#Symbian_OS_9.5 --> De aqui he sacado casi todo lo de las versiones